@book{cat_riehl,
title = {Category Theory in Context},
author = {Riehl, Emily},
publisher = {Courier Dover Publications},
series = {Aurora: Dover Modern Math Originals},
year = {2017}
}